<record><leader>00000cas a2200000 a 4500</leader><controlfield tag="001">11839477</controlfield><controlfield tag="008">850323d18861973ohuwr ne      0   a0eng  </controlfield><datafield ind1=" " ind2=" " tag="010"><subfield code="a">sn 85038161 </subfield></datafield><datafield ind1=" " ind2=" " tag="040"><subfield code="a">NPY</subfield><subfield code="b">eng</subfield><subfield code="c">NPY</subfield><subfield code="d">DLC</subfield><subfield code="d">ONP</subfield><subfield code="d">OCL</subfield><subfield code="d">ONP</subfield><subfield code="d">OCLCQ</subfield><subfield code="d">DLC</subfield><subfield code="d">OCLCF</subfield><subfield code="d">DLC</subfield></datafield><datafield ind1=" " ind2=" " tag="012"><subfield code="l">a</subfield></datafield><datafield ind1="1" ind2=" " tag="022"><subfield code="a">2159-3787</subfield><subfield code="2">1</subfield></datafield><datafield ind1=" " ind2=" " tag="042"><subfield code="a">pcc</subfield><subfield code="a">nsdp</subfield></datafield><datafield ind1=" " ind2=" " tag="043"><subfield code="a">n-us-oh</subfield></datafield><datafield ind1="0" ind2="0" tag="050"><subfield code="a">Newspaper 9308</subfield></datafield><datafield ind1="0" ind2=" " tag="130"><subfield code="a">News-Herald (Hillsboro, Ohio)</subfield></datafield><datafield ind1=" " ind2="4" tag="222"><subfield code="a">The News-Herald</subfield><subfield code="b">(Hillsboro, Ohio)</subfield></datafield><datafield ind1="1" ind2="4" tag="245"><subfield code="a">The News-Herald.</subfield></datafield><datafield ind1="3" ind2="0" tag="246"><subfield code="a">News herald</subfield></datafield><datafield ind1=" " ind2=" " tag="260"><subfield code="a">Hillsboro, Highland Co., Ohio :</subfield><subfield code="b">News-Herald Pub. Co.,</subfield><subfield code="c">1886-1973.</subfield></datafield><datafield ind1=" " ind2=" " tag="300"><subfield code="a">v.</subfield></datafield><datafield ind1=" " ind2=" " tag="310"><subfield code="a">Weekly</subfield></datafield><datafield ind1="0" ind2=" " tag="362"><subfield code="a">Vol. 50, no. 1 (Apr. 7, 1886)-v. 136, no. 18 (Sept. 27, 1973).</subfield></datafield><datafield ind1=" " ind2=" " tag="500"><subfield code="a">Issue for July 11, 1957 is special sesquicentennial edition.</subfield></datafield><datafield ind1=" " ind2=" " tag="500"><subfield code="a">Republican.</subfield></datafield><datafield ind1=" " ind2=" " tag="530"><subfield code="a">Archived issues are available in digital format as part of the Library of Congress Chronicling America online collection.</subfield></datafield><datafield ind1=" " ind2="0" tag="651"><subfield code="a">Hillsboro (Ohio)</subfield><subfield code="v">Newspapers.</subfield></datafield><datafield ind1=" " ind2="0" tag="651"><subfield code="a">Highland County (Ohio)</subfield><subfield code="v">Newspapers.</subfield></datafield><datafield ind1=" " ind2="7" tag="651"><subfield code="a">Ohio</subfield><subfield code="z">Highland County.</subfield><subfield code="2">fast</subfield><subfield code="0">(OCoLC)fst01215687</subfield></datafield><datafield ind1=" " ind2="7" tag="651"><subfield code="a">Ohio</subfield><subfield code="z">Hillsboro.</subfield><subfield code="2">fast</subfield><subfield code="0">(OCoLC)fst01232642</subfield></datafield><datafield ind1=" " ind2="7" tag="655"><subfield code="a">Newspapers.</subfield><subfield code="2">fast</subfield><subfield code="0">(OCoLC)fst01423814</subfield></datafield><datafield ind1=" " ind2=" " tag="752"><subfield code="a">United States</subfield><subfield code="b">Ohio</subfield><subfield code="c">Highland</subfield><subfield code="d">Hillsboro.</subfield></datafield><datafield ind1="0" ind2="4" tag="780"><subfield code="t">Highland weekly news (Hillsboro, Ohio : 1853)</subfield><subfield code="x">2333-0163</subfield><subfield code="w">(DLC)sn 85038158</subfield><subfield code="w">(OCoLC)11838779</subfield></datafield><datafield ind1="0" ind2="4" tag="780"><subfield code="t">Saturday herald (Hillsboro, Ohio)</subfield><subfield code="w">(DLC)sn 85038160</subfield><subfield code="w">(OCoLC)11838839</subfield></datafield><datafield ind1="0" ind2="5" tag="780"><subfield code="t">Hillsboro dispatch (Hillsboro, Ohio)</subfield><subfield code="w">(DLC)sn 85038162</subfield><subfield code="w">(OCoLC)11839482</subfield></datafield><datafield ind1="0" ind2="7" tag="785"><subfield code="t">Press-gazette (Hillsboro, Ohio : 1928)</subfield><subfield code="x">8750-8168</subfield><subfield code="w">(DLC)sn 85000860</subfield><subfield code="w">(OCoLC)11799075</subfield></datafield><datafield ind1="0" ind2="7" tag="785"><subfield code="t">Hillsboro press gazette</subfield><subfield code="w">(DLC)sn 88077459</subfield><subfield code="w">(OCoLC)17894505</subfield></datafield><datafield ind1="4" ind2="1" tag="856"><subfield code="u">http://www.loc.gov/chroniclingamerica/lccn/sn85038161/issues</subfield></datafield></record>